%% This BibTeX bibliography file was created using BibDesk.
%% http://bibdesk.sourceforge.net/


%% Created for Kieran Hunt at 2016-05-04 13:10:34 +0200 


%% Saved with string encoding Unicode (UTF-8) 



@inproceedings{chaudhary2011,
	Address = {Jeju Island, Republic of Korea},
	Author = {Chaudhary, A., and Sardana, A.},
	Booktitle = {2011 International Conference on Information Science and Applications},
	Date-Added = {2016-05-04 11:10:28 +0000},
	Date-Modified = {2016-05-04 11:10:28 +0000},
	Organization = {IEEE},
	Pages = {1--10},
	Title = {{Software Based Implementation Methodologies for Deep Packet Inspection}},
	Year = {2011},
	Bdsk-File-1 = {YnBsaXN0MDDUAQIDBAUGJCVYJHZlcnNpb25YJG9iamVjdHNZJGFyY2hpdmVyVCR0b3ASAAGGoKgHCBMUFRYaIVUkbnVsbNMJCgsMDxJXTlMua2V5c1pOUy5vYmplY3RzViRjbGFzc6INDoACgAOiEBGABIAFgAdccmVsYXRpdmVQYXRoWWFsaWFzRGF0YV8QKi4uL21zYy10aGVzaXMvcmVmZXJlbmNlcy9jaGF1ZGhhcnkyMDExLnBkZtIXCxgZV05TLmRhdGFPEQG4AAAAAAG4AAIAAAxNYWNpbnRvc2ggSEQAAAAAAAAAAAAAAAAAAADRD2UoSCsAAAHstKMRY2hhdWRoYXJ5MjAxMS5wZGYAAAAAAAAAAAAAAAAAAAAAAAAAAAAAAAAAAAAAAAAAAAAAAAAAAAAAAAAAAAAAAgWG2NNMxKQAAAAAAAAAAAABAAMAAAkgAAAAAAAAAAAAAAAAAAAACnJlZmVyZW5jZXMAEAAIAADRD0kIAAAAEQAIAADTTKiEAAAAAQAUAey0owHr/5QAId80AAlGPQAClRQAAgBLTWFjaW50b3NoIEhEOlVzZXJzOgBraWVyYW46AFdvcms6AG1zYy10aGVzaXM6AHJlZmVyZW5jZXM6AGNoYXVkaGFyeTIwMTEucGRmAAAOACQAEQBjAGgAYQB1AGQAaABhAHIAeQAyADAAMQAxAC4AcABkAGYADwAaAAwATQBhAGMAaQBuAHQAbwBzAGgAIABIAEQAEgA5VXNlcnMva2llcmFuL1dvcmsvbXNjLXRoZXNpcy9yZWZlcmVuY2VzL2NoYXVkaGFyeTIwMTEucGRmAAATAAEvAAAVAAIADf//AACABtIbHB0eWiRjbGFzc25hbWVYJGNsYXNzZXNdTlNNdXRhYmxlRGF0YaMdHyBWTlNEYXRhWE5TT2JqZWN00hscIiNcTlNEaWN0aW9uYXJ5oiIgXxAPTlNLZXllZEFyY2hpdmVy0SYnVHJvb3SAAQAIABEAGgAjAC0AMgA3AEAARgBNAFUAYABnAGoAbABuAHEAcwB1AHcAhACOALsAwADIAoQChgKLApYCnwKtArECuALBAsYC0wLWAugC6wLwAAAAAAAAAgEAAAAAAAAAKAAAAAAAAAAAAAAAAAAAAvI=}}

@article{abuhmed2007,
	Author = {AbuHmed, T., and Mohaisen, A., and Nyang, D.},
	Date-Added = {2016-05-04 11:08:51 +0000},
	Date-Modified = {2016-05-04 11:08:51 +0000},
	Journal = {Journal of Korean Communications (Information and Communication)},
	Number = {11},
	Pages = {25--36},
	Title = {{A Survey on Deep Packet Inspection for Intrusion Detection Systems}},
	Volume = {24},
	Year = {2007},
	Bdsk-File-1 = {YnBsaXN0MDDUAQIDBAUGJCVYJHZlcnNpb25YJG9iamVjdHNZJGFyY2hpdmVyVCR0b3ASAAGGoKgHCBMUFRYaIVUkbnVsbNMJCgsMDxJXTlMua2V5c1pOUy5vYmplY3RzViRjbGFzc6INDoACgAOiEBGABIAFgAdccmVsYXRpdmVQYXRoWWFsaWFzRGF0YV8QKC4uL21zYy10aGVzaXMvcmVmZXJlbmNlcy9hYnVobWVkMjAwNy5wZGbSFwsYGVdOUy5kYXRhTxEBsAAAAAABsAACAAAMTWFjaW50b3NoIEhEAAAAAAAAAAAAAAAAAAAA0Q9lKEgrAAAB7LSjD2FidWhtZWQyMDA3LnBkZgAAAAAAAAAAAAAAAAAAAAAAAAAAAAAAAAAAAAAAAAAAAAAAAAAAAAAAAAAAAAAAAAIFgc/TTMP3AAAAAAAAAAAAAQADAAAJIAAAAAAAAAAAAAAAAAAAAApyZWZlcmVuY2VzABAACAAA0Q9JCAAAABEACAAA00yn1wAAAAEAFAHstKMB6/+UACHfNAAJRj0AApUUAAIASU1hY2ludG9zaCBIRDpVc2VyczoAa2llcmFuOgBXb3JrOgBtc2MtdGhlc2lzOgByZWZlcmVuY2VzOgBhYnVobWVkMjAwNy5wZGYAAA4AIAAPAGEAYgB1AGgAbQBlAGQAMgAwADAANwAuAHAAZABmAA8AGgAMAE0AYQBjAGkAbgB0AG8AcwBoACAASABEABIAN1VzZXJzL2tpZXJhbi9Xb3JrL21zYy10aGVzaXMvcmVmZXJlbmNlcy9hYnVobWVkMjAwNy5wZGYAABMAAS8AABUAAgAN//8AAIAG0hscHR5aJGNsYXNzbmFtZVgkY2xhc3Nlc11OU011dGFibGVEYXRhox0fIFZOU0RhdGFYTlNPYmplY3TSGxwiI1xOU0RpY3Rpb25hcnmiIiBfEA9OU0tleWVkQXJjaGl2ZXLRJidUcm9vdIABAAgAEQAaACMALQAyADcAQABGAE0AVQBgAGcAagBsAG4AcQBzAHUAdwCEAI4AuQC+AMYCegJ8AoECjAKVAqMCpwKuArcCvALJAswC3gLhAuYAAAAAAAACAQAAAAAAAAAoAAAAAAAAAAAAAAAAAAAC6A==}}

@misc{neilsen1998,
	Author = {Neilsen, J.},
	Date-Added = {2016-05-04 11:08:05 +0000},
	Date-Modified = {2016-05-04 11:08:05 +0000},
	Howpublished = {Online \url{https://www.nngroup.com/articles/law-of-bandwidth/}},
	Title = {{Nielsen's Law of Internet Bandwidth}},
	Year = {1998},
	Bdsk-File-1 = {YnBsaXN0MDDUAQIDBAUGJCVYJHZlcnNpb25YJG9iamVjdHNZJGFyY2hpdmVyVCR0b3ASAAGGoKgHCBMUFRYaIVUkbnVsbNMJCgsMDxJXTlMua2V5c1pOUy5vYmplY3RzViRjbGFzc6INDoACgAOiEBGABIAFgAdccmVsYXRpdmVQYXRoWWFsaWFzRGF0YV8QKS4uL21zYy10aGVzaXMvcmVmZXJlbmNlcy9uZWlsc2VuMTk5OC5odG1s0hcLGBlXTlMuZGF0YU8RAbIAAAAAAbIAAgAADE1hY2ludG9zaCBIRAAAAAAAAAAAAAAAAAAAANEPZShIKwAAAey0oxBuZWlsc2VuMTk5OC5odG1sAAAAAAAAAAAAAAAAAAAAAAAAAAAAAAAAAAAAAAAAAAAAAAAAAAAAAAAAAAAAAAAB+TQf0yvRFgAAAAAAAAAAAAEAAwAACSAAAAAAAAAAAAAAAAAAAAAKcmVmZXJlbmNlcwAQAAgAANEPSQgAAAARAAgAANMrtPYAAAABABQB7LSjAev/lAAh3zQACUY9AAKVFAACAEpNYWNpbnRvc2ggSEQ6VXNlcnM6AGtpZXJhbjoAV29yazoAbXNjLXRoZXNpczoAcmVmZXJlbmNlczoAbmVpbHNlbjE5OTguaHRtbAAOACIAEABuAGUAaQBsAHMAZQBuADEAOQA5ADgALgBoAHQAbQBsAA8AGgAMAE0AYQBjAGkAbgB0AG8AcwBoACAASABEABIAOFVzZXJzL2tpZXJhbi9Xb3JrL21zYy10aGVzaXMvcmVmZXJlbmNlcy9uZWlsc2VuMTk5OC5odG1sABMAAS8AABUAAgAN//8AAIAG0hscHR5aJGNsYXNzbmFtZVgkY2xhc3Nlc11OU011dGFibGVEYXRhox0fIFZOU0RhdGFYTlNPYmplY3TSGxwiI1xOU0RpY3Rpb25hcnmiIiBfEA9OU0tleWVkQXJjaGl2ZXLRJidUcm9vdIABAAgAEQAaACMALQAyADcAQABGAE0AVQBgAGcAagBsAG4AcQBzAHUAdwCEAI4AugC/AMcCfQJ/AoQCjwKYAqYCqgKxAroCvwLMAs8C4QLkAukAAAAAAAACAQAAAAAAAAAoAAAAAAAAAAAAAAAAAAAC6w==}}

@techreport{law2012,
	Author = {Law, D., and Diab, W., and Healy, A., and Carlson, S., and Maguire, V., and Anslow, O., and Hajduczenia, M.},
	Date-Added = {2016-05-04 09:20:11 +0000},
	Date-Modified = {2016-05-04 09:20:11 +0000},
	Institution = {IEEE Standards Association},
	Title = {{IEEE Standard for Ethernet}},
	Year = {2012},
	Bdsk-File-1 = {YnBsaXN0MDDUAQIDBAUGJCVYJHZlcnNpb25YJG9iamVjdHNZJGFyY2hpdmVyVCR0b3ASAAGGoKgHCBMUFRYaIVUkbnVsbNMJCgsMDxJXTlMua2V5c1pOUy5vYmplY3RzViRjbGFzc6INDoACgAOiEBGABIAFgAdccmVsYXRpdmVQYXRoWWFsaWFzRGF0YV8QJC4uL21zYy10aGVzaXMvcmVmZXJlbmNlcy9sYXcyMDEyLnBkZtIXCxgZV05TLmRhdGFPEQGgAAAAAAGgAAIAAAxNYWNpbnRvc2ggSEQAAAAAAAAAAAAAAAAAAADRD2UoSCsAAAHstKMLbGF3MjAxMi5wZGYAAAAAAAAAAAAAAAAAAAAAAAAAAAAAAAAAAAAAAAAAAAAAAAAAAAAAAAAAAAAAAAAAAAAAAgQXIM0Ch44AAAAAAAAAAAABAAMAAAkgAAAAAAAAAAAAAAAAAAAACnJlZmVyZW5jZXMAEAAIAADRD0kIAAAAEQAIAADNAmtuAAAAAQAUAey0owHr/5QAId80AAlGPQAClRQAAgBFTWFjaW50b3NoIEhEOlVzZXJzOgBraWVyYW46AFdvcms6AG1zYy10aGVzaXM6AHJlZmVyZW5jZXM6AGxhdzIwMTIucGRmAAAOABgACwBsAGEAdwAyADAAMQAyAC4AcABkAGYADwAaAAwATQBhAGMAaQBuAHQAbwBzAGgAIABIAEQAEgAzVXNlcnMva2llcmFuL1dvcmsvbXNjLXRoZXNpcy9yZWZlcmVuY2VzL2xhdzIwMTIucGRmAAATAAEvAAAVAAIADf//AACABtIbHB0eWiRjbGFzc25hbWVYJGNsYXNzZXNdTlNNdXRhYmxlRGF0YaMdHyBWTlNEYXRhWE5TT2JqZWN00hscIiNcTlNEaWN0aW9uYXJ5oiIgXxAPTlNLZXllZEFyY2hpdmVy0SYnVHJvb3SAAQAIABEAGgAjAC0AMgA3AEAARgBNAFUAYABnAGoAbABuAHEAcwB1AHcAhACOALUAugDCAmYCaAJtAngCgQKPApMCmgKjAqgCtQK4AsoCzQLSAAAAAAAAAgEAAAAAAAAAKAAAAAAAAAAAAAAAAAAAAtQ=}}

@book{bachman1894,
	Author = {Bachman, P.},
	Date-Added = {2016-05-04 06:28:43 +0000},
	Date-Modified = {2016-05-04 06:28:43 +0000},
	Publisher = {Teubner},
	Title = {{Die Analytische Zahlentheorie}},
	Volume = {2},
	Year = {1894},
	Bdsk-File-1 = {YnBsaXN0MDDUAQIDBAUGJCVYJHZlcnNpb25YJG9iamVjdHNZJGFyY2hpdmVyVCR0b3ASAAGGoKgHCBMUFRYaIVUkbnVsbNMJCgsMDxJXTlMua2V5c1pOUy5vYmplY3RzViRjbGFzc6INDoACgAOiEBGABIAFgAdccmVsYXRpdmVQYXRoWWFsaWFzRGF0YV8QKC4uL21zYy10aGVzaXMvcmVmZXJlbmNlcy9iYWNobWFuMTg5NC5wZGbSFwsYGVdOUy5kYXRhTxEBsAAAAAABsAACAAAMTWFjaW50b3NoIEhEAAAAAAAAAAAAAAAAAAAA0Q9lKEgrAAAB7LSjD2JhY2htYW4xODk0LnBkZgAAAAAAAAAAAAAAAAAAAAAAAAAAAAAAAAAAAAAAAAAAAAAAAAAAAAAAAAAAAAAAAAIEbOHTSRmZAAAAAAAAAAAAAQADAAAJIAAAAAAAAAAAAAAAAAAAAApyZWZlcmVuY2VzABAACAAA0Q9JCAAAABEACAAA00j9eQAAAAEAFAHstKMB6/+UACHfNAAJRj0AApUUAAIASU1hY2ludG9zaCBIRDpVc2VyczoAa2llcmFuOgBXb3JrOgBtc2MtdGhlc2lzOgByZWZlcmVuY2VzOgBiYWNobWFuMTg5NC5wZGYAAA4AIAAPAGIAYQBjAGgAbQBhAG4AMQA4ADkANAAuAHAAZABmAA8AGgAMAE0AYQBjAGkAbgB0AG8AcwBoACAASABEABIAN1VzZXJzL2tpZXJhbi9Xb3JrL21zYy10aGVzaXMvcmVmZXJlbmNlcy9iYWNobWFuMTg5NC5wZGYAABMAAS8AABUAAgAN//8AAIAG0hscHR5aJGNsYXNzbmFtZVgkY2xhc3Nlc11OU011dGFibGVEYXRhox0fIFZOU0RhdGFYTlNPYmplY3TSGxwiI1xOU0RpY3Rpb25hcnmiIiBfEA9OU0tleWVkQXJjaGl2ZXLRJidUcm9vdIABAAgAEQAaACMALQAyADcAQABGAE0AVQBgAGcAagBsAG4AcQBzAHUAdwCEAI4AuQC+AMYCegJ8AoECjAKVAqMCpwKuArcCvALJAswC3gLhAuYAAAAAAAACAQAAAAAAAAAoAAAAAAAAAAAAAAAAAAAC6A==}}

@book{landau1909,
	Author = {Landau, E.},
	Date-Added = {2016-05-04 06:28:43 +0000},
	Date-Modified = {2016-05-04 06:28:43 +0000},
	Publisher = {Teubner},
	Title = {{Handbuch der Lehre von der Verteilung der Primzahlen}},
	Volume = {1},
	Year = {1909},
	Bdsk-File-1 = {YnBsaXN0MDDUAQIDBAUGJCVYJHZlcnNpb25YJG9iamVjdHNZJGFyY2hpdmVyVCR0b3ASAAGGoKgHCBMUFRYaIVUkbnVsbNMJCgsMDxJXTlMua2V5c1pOUy5vYmplY3RzViRjbGFzc6INDoACgAOiEBGABIAFgAdccmVsYXRpdmVQYXRoWWFsaWFzRGF0YV8QJy4uL21zYy10aGVzaXMvcmVmZXJlbmNlcy9sYW5kYXUxOTA5LnBkZtIXCxgZV05TLmRhdGFPEQGqAAAAAAGqAAIAAAxNYWNpbnRvc2ggSEQAAAAAAAAAAAAAAAAAAADRD2UoSCsAAAHstKMObGFuZGF1MTkwOS5wZGYAAAAAAAAAAAAAAAAAAAAAAAAAAAAAAAAAAAAAAAAAAAAAAAAAAAAAAAAAAAAAAAAAAgRtItNJGfcAAAAAAAAAAAABAAMAAAkgAAAAAAAAAAAAAAAAAAAACnJlZmVyZW5jZXMAEAAIAADRD0kIAAAAEQAIAADTSP3XAAAAAQAUAey0owHr/5QAId80AAlGPQAClRQAAgBITWFjaW50b3NoIEhEOlVzZXJzOgBraWVyYW46AFdvcms6AG1zYy10aGVzaXM6AHJlZmVyZW5jZXM6AGxhbmRhdTE5MDkucGRmAA4AHgAOAGwAYQBuAGQAYQB1ADEAOQAwADkALgBwAGQAZgAPABoADABNAGEAYwBpAG4AdABvAHMAaAAgAEgARAASADZVc2Vycy9raWVyYW4vV29yay9tc2MtdGhlc2lzL3JlZmVyZW5jZXMvbGFuZGF1MTkwOS5wZGYAEwABLwAAFQACAA3//wAAgAbSGxwdHlokY2xhc3NuYW1lWCRjbGFzc2VzXU5TTXV0YWJsZURhdGGjHR8gVk5TRGF0YVhOU09iamVjdNIbHCIjXE5TRGljdGlvbmFyeaIiIF8QD05TS2V5ZWRBcmNoaXZlctEmJ1Ryb290gAEACAARABoAIwAtADIANwBAAEYATQBVAGAAZwBqAGwAbgBxAHMAdQB3AIQAjgC4AL0AxQJzAnUCegKFAo4CnAKgAqcCsAK1AsICxQLXAtoC3wAAAAAAAAIBAAAAAAAAACgAAAAAAAAAAAAAAAAAAALh}}

@techreport{rfc894,
	Author = {Hornig, C.},
	Date-Added = {2016-02-26 12:40:32 +0000},
	Date-Modified = {2016-05-04 06:52:05 +0000},
	Institution = {Network Working Group},
	Title = {A Standard for the Transmission of IP Datagrams over Ethernet Networks},
	Year = {1984},
	Bdsk-File-1 = {YnBsaXN0MDDUAQIDBAUGJCVYJHZlcnNpb25YJG9iamVjdHNZJGFyY2hpdmVyVCR0b3ASAAGGoKgHCBMUFRYaIVUkbnVsbNMJCgsMDxJXTlMua2V5c1pOUy5vYmplY3RzViRjbGFzc6INDoACgAOiEBGABIAFgAdccmVsYXRpdmVQYXRoWWFsaWFzRGF0YV8QFnJlZmVyZW5jZXMvcmZjODk0Lmh0bWzSFwsYGVdOUy5kYXRhTxEB8gAAAAAB8gACAAAMTWFjaW50b3NoIEhEAAAAAAAAAAAAAAAAAAAA0Q9lKEgrAAAB11YJC3JmYzg5NC5odG1sAAAAAAAAAAAAAAAAAAAAAAAAAAAAAAAAAAAAAAAAAAAAAAAAAAAAAAAAAAAAAAAAAAAAAAHcFaLS9hS6AAAAAAAAAAAAAQADAAAJIAAAAAAAAAAAAAAAAAAAAApyZWZlcmVuY2VzABAACAAA0Q9JCAAAABEACAAA0vX4mgAAAAEAFAHXVgkB1ZKwACHfNAAJRj0AApUUAAIAWk1hY2ludG9zaCBIRDpVc2VyczoAa2llcmFuOgBXb3JrOgBvbi10aGUtcGVyZm9ybWFuY2Utb2YtcyMxRDU5MkIwOgByZWZlcmVuY2VzOgByZmM4OTQuaHRtbAAOABgACwByAGYAYwA4ADkANAAuAGgAdABtAGwADwAaAAwATQBhAGMAaQBuAHQAbwBzAGgAIABIAEQAEgByVXNlcnMva2llcmFuL1dvcmsvb24tdGhlLXBlcmZvcm1hbmNlLW9mLXN0cmluZy1zZWFyY2gtYWxnb3JpdGhtcy1mb3ItZGVlcC1wYWNrZXQtaW5zcGVjdGlvbi9yZWZlcmVuY2VzL3JmYzg5NC5odG1sABMAAS8AABUAAgAN//8AAIAG0hscHR5aJGNsYXNzbmFtZVgkY2xhc3Nlc11OU011dGFibGVEYXRhox0fIFZOU0RhdGFYTlNPYmplY3TSGxwiI1xOU0RpY3Rpb25hcnmiIiBfEA9OU0tleWVkQXJjaGl2ZXLRJidUcm9vdIABAAgAEQAaACMALQAyADcAQABGAE0AVQBgAGcAagBsAG4AcQBzAHUAdwCEAI4ApwCsALQCqgKsArECvALFAtMC1wLeAucC7AL5AvwDDgMRAxYAAAAAAAACAQAAAAAAAAAoAAAAAAAAAAAAAAAAAAADGA==}}

@misc{json2016,
	Date-Added = {2016-02-26 11:36:18 +0000},
	Date-Modified = {2016-05-04 07:52:20 +0000},
	Howpublished = {Online \url{http://www.json.org/}},
	Month = {02},
	Title = {{Introducing JSON}},
	Year = {2016},
	Bdsk-File-1 = {YnBsaXN0MDDUAQIDBAUGJCVYJHZlcnNpb25YJG9iamVjdHNZJGFyY2hpdmVyVCR0b3ASAAGGoKgHCBMUFRYaIVUkbnVsbNMJCgsMDxJXTlMua2V5c1pOUy5vYmplY3RzViRjbGFzc6INDoACgAOiEBGABIAFgAdccmVsYXRpdmVQYXRoWWFsaWFzRGF0YV8QGHJlZmVyZW5jZXMvanNvbjIwMTYuaHRtbNIXCxgZV05TLmRhdGFPEQH6AAAAAAH6AAIAAAxNYWNpbnRvc2ggSEQAAAAAAAAAAAAAAAAAAADRD2UoSCsAAAHXVgkNanNvbjIwMTYuaHRtbAAAAAAAAAAAAAAAAAAAAAAAAAAAAAAAAAAAAAAAAAAAAAAAAAAAAAAAAAAAAAAAAAAAAdv8stL2BWcAAAAAAAAAAAABAAMAAAkgAAAAAAAAAAAAAAAAAAAACnJlZmVyZW5jZXMAEAAIAADRD0kIAAAAEQAIAADS9elHAAAAAQAUAddWCQHVkrAAId80AAlGPQAClRQAAgBcTWFjaW50b3NoIEhEOlVzZXJzOgBraWVyYW46AFdvcms6AG9uLXRoZS1wZXJmb3JtYW5jZS1vZi1zIzFENTkyQjA6AHJlZmVyZW5jZXM6AGpzb24yMDE2Lmh0bWwADgAcAA0AagBzAG8AbgAyADAAMQA2AC4AaAB0AG0AbAAPABoADABNAGEAYwBpAG4AdABvAHMAaAAgAEgARAASAHRVc2Vycy9raWVyYW4vV29yay9vbi10aGUtcGVyZm9ybWFuY2Utb2Ytc3RyaW5nLXNlYXJjaC1hbGdvcml0aG1zLWZvci1kZWVwLXBhY2tldC1pbnNwZWN0aW9uL3JlZmVyZW5jZXMvanNvbjIwMTYuaHRtbAATAAEvAAAVAAIADf//AACABtIbHB0eWiRjbGFzc25hbWVYJGNsYXNzZXNdTlNNdXRhYmxlRGF0YaMdHyBWTlNEYXRhWE5TT2JqZWN00hscIiNcTlNEaWN0aW9uYXJ5oiIgXxAPTlNLZXllZEFyY2hpdmVy0SYnVHJvb3SAAQAIABEAGgAjAC0AMgA3AEAARgBNAFUAYABnAGoAbABuAHEAcwB1AHcAhACOAKkArgC2ArQCtgK7AsYCzwLdAuEC6ALxAvYDAwMGAxgDGwMgAAAAAAAAAgEAAAAAAAAAKAAAAAAAAAAAAAAAAAAAAyI=}}

@misc{tcpdump2016,
	Date-Added = {2016-02-26 09:04:57 +0000},
	Date-Modified = {2016-05-04 07:52:32 +0000},
	Howpublished = {Online \url{http://www.tcpdump.org/}},
	Month = {02},
	Title = {{TCPDUMP \& LIBPCAP}},
	Year = {2016},
	Bdsk-File-1 = {YnBsaXN0MDDUAQIDBAUGJCVYJHZlcnNpb25YJG9iamVjdHNZJGFyY2hpdmVyVCR0b3ASAAGGoKgHCBMUFRYaIVUkbnVsbNMJCgsMDxJXTlMua2V5c1pOUy5vYmplY3RzViRjbGFzc6INDoACgAOiEBGABIAFgAdccmVsYXRpdmVQYXRoWWFsaWFzRGF0YV8QG3JlZmVyZW5jZXMvdGNwZHVtcDIwMTYuaHRtbNIXCxgZV05TLmRhdGFPEQIIAAAAAAIIAAIAAAxNYWNpbnRvc2ggSEQAAAAAAAAAAAAAAAAAAADRD2UoSCsAAAHXVgkQdGNwZHVtcDIwMTYuaHRtbAAAAAAAAAAAAAAAAAAAAAAAAAAAAAAAAAAAAAAAAAAAAAAAAAAAAAAAAAAAAAAAAdvKrdL14L0AAAAAAAAAAAABAAMAAAkgAAAAAAAAAAAAAAAAAAAACnJlZmVyZW5jZXMAEAAIAADRD0kIAAAAEQAIAADS9cSdAAAAAQAUAddWCQHVkrAAId80AAlGPQAClRQAAgBfTWFjaW50b3NoIEhEOlVzZXJzOgBraWVyYW46AFdvcms6AG9uLXRoZS1wZXJmb3JtYW5jZS1vZi1zIzFENTkyQjA6AHJlZmVyZW5jZXM6AHRjcGR1bXAyMDE2Lmh0bWwAAA4AIgAQAHQAYwBwAGQAdQBtAHAAMgAwADEANgAuAGgAdABtAGwADwAaAAwATQBhAGMAaQBuAHQAbwBzAGgAIABIAEQAEgB3VXNlcnMva2llcmFuL1dvcmsvb24tdGhlLXBlcmZvcm1hbmNlLW9mLXN0cmluZy1zZWFyY2gtYWxnb3JpdGhtcy1mb3ItZGVlcC1wYWNrZXQtaW5zcGVjdGlvbi9yZWZlcmVuY2VzL3RjcGR1bXAyMDE2Lmh0bWwAABMAAS8AABUAAgAN//8AAIAG0hscHR5aJGNsYXNzbmFtZVgkY2xhc3Nlc11OU011dGFibGVEYXRhox0fIFZOU0RhdGFYTlNPYmplY3TSGxwiI1xOU0RpY3Rpb25hcnmiIiBfEA9OU0tleWVkQXJjaGl2ZXLRJidUcm9vdIABAAgAEQAaACMALQAyADcAQABGAE0AVQBgAGcAagBsAG4AcQBzAHUAdwCEAI4ArACxALkCxQLHAswC1wLgAu4C8gL5AwIDBwMUAxcDKQMsAzEAAAAAAAACAQAAAAAAAAAoAAAAAAAAAAAAAAAAAAADMw==}}

@article{baezayates1992b,
	Author = {Baeza-Yates, R. A., and R{\'e}gnier, M.},
	Date-Added = {2016-02-24 11:59:53 +0000},
	Date-Modified = {2016-05-04 06:59:07 +0000},
	Journal = {Theoretical Computer Science},
	Number = {1},
	Pages = {19--31},
	Title = {{Average Running Time of the Boyer-Moore-Horspool Algorithm}},
	Volume = {92},
	Year = {1992},
	Bdsk-File-1 = {YnBsaXN0MDDUAQIDBAUGJCVYJHZlcnNpb25YJG9iamVjdHNZJGFyY2hpdmVyVCR0b3ASAAGGoKgHCBMUFRYaIVUkbnVsbNMJCgsMDxJXTlMua2V5c1pOUy5vYmplY3RzViRjbGFzc6INDoACgAOiEBGABIAFgAdccmVsYXRpdmVQYXRoWWFsaWFzRGF0YV8QHnJlZmVyZW5jZXMvYmFlemF5YXRlczE5OTJiLnBkZtIXCxgZV05TLmRhdGFPEQISAAAAAAISAAIAAAxNYWNpbnRvc2ggSEQAAAAAAAAAAAAAAAAAAADRD2UoSCsAAAHXVgkTYmFlemF5YXRlczE5OTJiLnBkZgAAAAAAAAAAAAAAAAAAAAAAAAAAAAAAAAAAAAAAAAAAAAAAAAAAAAAAAAAAAdnZNdLzaJ0AAAAAAAAAAAABAAMAAAkgAAAAAAAAAAAAAAAAAAAACnJlZmVyZW5jZXMAEAAIAADRD0kIAAAAEQAIAADS80x9AAAAAQAUAddWCQHVkrAAId80AAlGPQAClRQAAgBiTWFjaW50b3NoIEhEOlVzZXJzOgBraWVyYW46AFdvcms6AG9uLXRoZS1wZXJmb3JtYW5jZS1vZi1zIzFENTkyQjA6AHJlZmVyZW5jZXM6AGJhZXpheWF0ZXMxOTkyYi5wZGYADgAoABMAYgBhAGUAegBhAHkAYQB0AGUAcwAxADkAOQAyAGIALgBwAGQAZgAPABoADABNAGEAYwBpAG4AdABvAHMAaAAgAEgARAASAHpVc2Vycy9raWVyYW4vV29yay9vbi10aGUtcGVyZm9ybWFuY2Utb2Ytc3RyaW5nLXNlYXJjaC1hbGdvcml0aG1zLWZvci1kZWVwLXBhY2tldC1pbnNwZWN0aW9uL3JlZmVyZW5jZXMvYmFlemF5YXRlczE5OTJiLnBkZgATAAEvAAAVAAIADf//AACABtIbHB0eWiRjbGFzc25hbWVYJGNsYXNzZXNdTlNNdXRhYmxlRGF0YaMdHyBWTlNEYXRhWE5TT2JqZWN00hscIiNcTlNEaWN0aW9uYXJ5oiIgXxAPTlNLZXllZEFyY2hpdmVy0SYnVHJvb3SAAQAIABEAGgAjAC0AMgA3AEAARgBNAFUAYABnAGoAbABuAHEAcwB1AHcAhACOAK8AtAC8AtIC1ALZAuQC7QL7Av8DBgMPAxQDIQMkAzYDOQM+AAAAAAAAAgEAAAAAAAAAKAAAAAAAAAAAAAAAAAAAA0A=}}

@article{leqroc1995,
	Author = {Lecroq, T.},
	Date-Added = {2016-02-24 11:41:44 +0000},
	Date-Modified = {2016-05-04 07:41:50 +0000},
	Journal = {Software: Practice and Experience},
	Number = {7},
	Pages = {727--765},
	Title = {{Experimental Results on String Matching Algorithms}},
	Volume = {25},
	Year = {1995},
	Bdsk-File-1 = {YnBsaXN0MDDUAQIDBAUGJCVYJHZlcnNpb25YJG9iamVjdHNZJGFyY2hpdmVyVCR0b3ASAAGGoKgHCBMUFRYaIVUkbnVsbNMJCgsMDxJXTlMua2V5c1pOUy5vYmplY3RzViRjbGFzc6INDoACgAOiEBGABIAFgAdccmVsYXRpdmVQYXRoWWFsaWFzRGF0YV8QGXJlZmVyZW5jZXMvbGVxcm9jMTk5NS5wZGbSFwsYGVdOUy5kYXRhTxECAAAAAAACAAACAAAMTWFjaW50b3NoIEhEAAAAAAAAAAAAAAAAAAAA0Q9lKEgrAAAB11YJDmxlcXJvYzE5OTUucGRmAAAAAAAAAAAAAAAAAAAAAAAAAAAAAAAAAAAAAAAAAAAAAAAAAAAAAAAAAAAAAAAAAAHZ2g/S82jsAAAAAAAAAAAAAQADAAAJIAAAAAAAAAAAAAAAAAAAAApyZWZlcmVuY2VzABAACAAA0Q9JCAAAABEACAAA0vNMzAAAAAEAFAHXVgkB1ZKwACHfNAAJRj0AApUUAAIAXU1hY2ludG9zaCBIRDpVc2VyczoAa2llcmFuOgBXb3JrOgBvbi10aGUtcGVyZm9ybWFuY2Utb2YtcyMxRDU5MkIwOgByZWZlcmVuY2VzOgBsZXFyb2MxOTk1LnBkZgAADgAeAA4AbABlAHEAcgBvAGMAMQA5ADkANQAuAHAAZABmAA8AGgAMAE0AYQBjAGkAbgB0AG8AcwBoACAASABEABIAdVVzZXJzL2tpZXJhbi9Xb3JrL29uLXRoZS1wZXJmb3JtYW5jZS1vZi1zdHJpbmctc2VhcmNoLWFsZ29yaXRobXMtZm9yLWRlZXAtcGFja2V0LWluc3BlY3Rpb24vcmVmZXJlbmNlcy9sZXFyb2MxOTk1LnBkZgAAEwABLwAAFQACAA3//wAAgAbSGxwdHlokY2xhc3NuYW1lWCRjbGFzc2VzXU5TTXV0YWJsZURhdGGjHR8gVk5TRGF0YVhOU09iamVjdNIbHCIjXE5TRGljdGlvbmFyeaIiIF8QD05TS2V5ZWRBcmNoaXZlctEmJ1Ryb290gAEACAARABoAIwAtADIANwBAAEYATQBVAGAAZwBqAGwAbgBxAHMAdQB3AIQAjgCqAK8AtwK7Ar0CwgLNAtYC5ALoAu8C+AL9AwoDDQMfAyIDJwAAAAAAAAIBAAAAAAAAACgAAAAAAAAAAAAAAAAAAAMp}}

@misc{oed2016,
	Date-Added = {2016-02-23 08:40:49 +0000},
	Date-Modified = {2016-05-04 07:52:25 +0000},
	Howpublished = {Online \url{https://www.oxforddictionaries.com/words/the-oec-facts-about-the-language}},
	Month = {02},
	Title = {{The Oxford English Corpus' Facts about the Language}},
	Year = {2016},
	Bdsk-Url-1 = {https://www.oxforddictionaries.com/words/the-oec-facts-about-the-language}}

@misc{alexa2016,
	Date-Added = {2016-02-23 08:40:20 +0000},
	Date-Modified = {2016-05-04 07:52:16 +0000},
	Howpublished = {Online \url{http://www.alexa.com/topsites}},
	Month = {02},
	Title = {{The Top 500 Sites on the Web}},
	Year = {2016},
	Bdsk-Url-1 = {http://www.alexa.com/topsites}}

@book{charras2004,
	Author = {Charras, C., and Lecroq, T.},
	Date-Added = {2016-02-22 13:33:59 +0000},
	Date-Modified = {2016-05-04 07:41:58 +0000},
	Title = {{Handbook of Exact String Matching Algorithms}},
	Year = {2004},
	Bdsk-File-1 = {YnBsaXN0MDDUAQIDBAUGJCVYJHZlcnNpb25YJG9iamVjdHNZJGFyY2hpdmVyVCR0b3ASAAGGoKgHCBMUFRYaIVUkbnVsbNMJCgsMDxJXTlMua2V5c1pOUy5vYmplY3RzViRjbGFzc6INDoACgAOiEBGABIAFgAdccmVsYXRpdmVQYXRoWWFsaWFzRGF0YV8QGnJlZmVyZW5jZXMvY2hhcnJhczIwMDQucGRm0hcLGBlXTlMuZGF0YU8RAgIAAAAAAgIAAgAADE1hY2ludG9zaCBIRAAAAAAAAAAAAAAAAAAAANEPZShIKwAAAddWCQ9jaGFycmFzMjAwNC5wZGYAAAAAAAAAAAAAAAAAAAAAAAAAAAAAAAAAAAAAAAAAAAAAAAAAAAAAAAAAAAAAAAAB15Hy0vDbcAAAAAAAAAAAAAEAAwAACSAAAAAAAAAAAAAAAAAAAAAKcmVmZXJlbmNlcwAQAAgAANEPSQgAAAARAAgAANLwv1AAAAABABQB11YJAdWSsAAh3zQACUY9AAKVFAACAF5NYWNpbnRvc2ggSEQ6VXNlcnM6AGtpZXJhbjoAV29yazoAb24tdGhlLXBlcmZvcm1hbmNlLW9mLXMjMUQ1OTJCMDoAcmVmZXJlbmNlczoAY2hhcnJhczIwMDQucGRmAA4AIAAPAGMAaABhAHIAcgBhAHMAMgAwADAANAAuAHAAZABmAA8AGgAMAE0AYQBjAGkAbgB0AG8AcwBoACAASABEABIAdlVzZXJzL2tpZXJhbi9Xb3JrL29uLXRoZS1wZXJmb3JtYW5jZS1vZi1zdHJpbmctc2VhcmNoLWFsZ29yaXRobXMtZm9yLWRlZXAtcGFja2V0LWluc3BlY3Rpb24vcmVmZXJlbmNlcy9jaGFycmFzMjAwNC5wZGYAEwABLwAAFQACAA3//wAAgAbSGxwdHlokY2xhc3NuYW1lWCRjbGFzc2VzXU5TTXV0YWJsZURhdGGjHR8gVk5TRGF0YVhOU09iamVjdNIbHCIjXE5TRGljdGlvbmFyeaIiIF8QD05TS2V5ZWRBcmNoaXZlctEmJ1Ryb290gAEACAARABoAIwAtADIANwBAAEYATQBVAGAAZwBqAGwAbgBxAHMAdQB3AIQAjgCrALAAuAK+AsACxQLQAtkC5wLrAvIC+wMAAw0DEAMiAyUDKgAAAAAAAAIBAAAAAAAAACgAAAAAAAAAAAAAAAAAAAMs}}

@article{colussi1994,
	Author = {Colussi, L.},
	Date-Added = {2016-02-22 13:17:10 +0000},
	Date-Modified = {2016-05-04 07:36:03 +0000},
	Journal = {Journal of Algorithms},
	Number = {2},
	Pages = {163--189},
	Title = {{Fastest Pattern Matching in Strings}},
	Volume = {16},
	Year = {1994},
	Bdsk-File-1 = {YnBsaXN0MDDUAQIDBAUGJCVYJHZlcnNpb25YJG9iamVjdHNZJGFyY2hpdmVyVCR0b3ASAAGGoKgHCBMUFRYaIVUkbnVsbNMJCgsMDxJXTlMua2V5c1pOUy5vYmplY3RzViRjbGFzc6INDoACgAOiEBGABIAFgAdccmVsYXRpdmVQYXRoWWFsaWFzRGF0YV8QGnJlZmVyZW5jZXMvY29sdXNzaTE5OTQucGRm0hcLGBlXTlMuZGF0YU8RAgIAAAAAAgIAAgAADE1hY2ludG9zaCBIRAAAAAAAAAAAAAAAAAAAANEPZShIKwAAAddWCQ9jb2x1c3NpMTk5NC5wZGYAAAAAAAAAAAAAAAAAAAAAAAAAAAAAAAAAAAAAAAAAAAAAAAAAAAAAAAAAAAAAAAAB+pl80vDX8gAAAAAAAAAAAAEAAwAACSAAAAAAAAAAAAAAAAAAAAAKcmVmZXJlbmNlcwAQAAgAANEPSQgAAAARAAgAANLwu9IAAAABABQB11YJAdWSsAAh3zQACUY9AAKVFAACAF5NYWNpbnRvc2ggSEQ6VXNlcnM6AGtpZXJhbjoAV29yazoAb24tdGhlLXBlcmZvcm1hbmNlLW9mLXMjMUQ1OTJCMDoAcmVmZXJlbmNlczoAY29sdXNzaTE5OTQucGRmAA4AIAAPAGMAbwBsAHUAcwBzAGkAMQA5ADkANAAuAHAAZABmAA8AGgAMAE0AYQBjAGkAbgB0AG8AcwBoACAASABEABIAdlVzZXJzL2tpZXJhbi9Xb3JrL29uLXRoZS1wZXJmb3JtYW5jZS1vZi1zdHJpbmctc2VhcmNoLWFsZ29yaXRobXMtZm9yLWRlZXAtcGFja2V0LWluc3BlY3Rpb24vcmVmZXJlbmNlcy9jb2x1c3NpMTk5NC5wZGYAEwABLwAAFQACAA3//wAAgAbSGxwdHlokY2xhc3NuYW1lWCRjbGFzc2VzXU5TTXV0YWJsZURhdGGjHR8gVk5TRGF0YVhOU09iamVjdNIbHCIjXE5TRGljdGlvbmFyeaIiIF8QD05TS2V5ZWRBcmNoaXZlctEmJ1Ryb290gAEACAARABoAIwAtADIANwBAAEYATQBVAGAAZwBqAGwAbgBxAHMAdQB3AIQAjgCrALAAuAK+AsACxQLQAtkC5wLrAvIC+wMAAw0DEAMiAyUDKgAAAAAAAAIBAAAAAAAAACgAAAAAAAAAAAAAAAAAAAMs}}

@article{crochemore1994,
	Author = {Crochemore, M., and Czumaj, A. and Gasieniec, L. and Jarominek, S. and Lecroq, T. and Plandowski, W. and Rytter, W.},
	Date-Added = {2016-02-22 13:13:39 +0000},
	Date-Modified = {2016-05-04 07:36:50 +0000},
	Journal = {Algorithmica},
	Number = {4-5},
	Pages = {247},
	Title = {{Speeding up Two String-Matching Algorithms}},
	Volume = {12},
	Year = {1994},
	Bdsk-File-1 = {YnBsaXN0MDDUAQIDBAUGJCVYJHZlcnNpb25YJG9iamVjdHNZJGFyY2hpdmVyVCR0b3ASAAGGoKgHCBMUFRYaIVUkbnVsbNMJCgsMDxJXTlMua2V5c1pOUy5vYmplY3RzViRjbGFzc6INDoACgAOiEBGABIAFgAdccmVsYXRpdmVQYXRoWWFsaWFzRGF0YV8QHXJlZmVyZW5jZXMvY3JvY2hlbW9yZTE5OTQucGRm0hcLGBlXTlMuZGF0YU8RAhAAAAAAAhAAAgAADE1hY2ludG9zaCBIRAAAAAAAAAAAAAAAAAAAANEPZShIKwAAAddWCRJjcm9jaGVtb3JlMTk5NC5wZGYAAAAAAAAAAAAAAAAAAAAAAAAAAAAAAAAAAAAAAAAAAAAAAAAAAAAAAAAAAAAB14c30vDW1QAAAAAAAAAAAAEAAwAACSAAAAAAAAAAAAAAAAAAAAAKcmVmZXJlbmNlcwAQAAgAANEPSQgAAAARAAgAANLwurUAAAABABQB11YJAdWSsAAh3zQACUY9AAKVFAACAGFNYWNpbnRvc2ggSEQ6VXNlcnM6AGtpZXJhbjoAV29yazoAb24tdGhlLXBlcmZvcm1hbmNlLW9mLXMjMUQ1OTJCMDoAcmVmZXJlbmNlczoAY3JvY2hlbW9yZTE5OTQucGRmAAAOACYAEgBjAHIAbwBjAGgAZQBtAG8AcgBlADEAOQA5ADQALgBwAGQAZgAPABoADABNAGEAYwBpAG4AdABvAHMAaAAgAEgARAASAHlVc2Vycy9raWVyYW4vV29yay9vbi10aGUtcGVyZm9ybWFuY2Utb2Ytc3RyaW5nLXNlYXJjaC1hbGdvcml0aG1zLWZvci1kZWVwLXBhY2tldC1pbnNwZWN0aW9uL3JlZmVyZW5jZXMvY3JvY2hlbW9yZTE5OTQucGRmAAATAAEvAAAVAAIADf//AACABtIbHB0eWiRjbGFzc25hbWVYJGNsYXNzZXNdTlNNdXRhYmxlRGF0YaMdHyBWTlNEYXRhWE5TT2JqZWN00hscIiNcTlNEaWN0aW9uYXJ5oiIgXxAPTlNLZXllZEFyY2hpdmVy0SYnVHJvb3SAAQAIABEAGgAjAC0AMgA3AEAARgBNAFUAYABnAGoAbABuAHEAcwB1AHcAhACOAK4AswC7As8C0QLWAuEC6gL4AvwDAwMMAxEDHgMhAzMDNgM7AAAAAAAAAgEAAAAAAAAAKAAAAAAAAAAAAAAAAAAAAz0=}}

@phdthesis{hancart1993,
	Author = {Hancart, C.},
	Date-Added = {2016-02-22 13:08:51 +0000},
	Date-Modified = {2016-05-04 07:00:38 +0000},
	School = {Universit{\'e} Paris Diderot},
	Title = {{Exact Analysis and Average Analysis of String Searching Algorithms}},
	Year = {1993}}

@inproceedings{simon1994,
	Author = {Simon, I.},
	Booktitle = {Proceedings of the Colloquium in Honor of Arto Salomaa on Results and Trends in Theoretical Computer Science},
	Date-Added = {2016-02-22 12:44:50 +0000},
	Date-Modified = {2016-05-04 07:41:20 +0000},
	Pages = {386--388},
	Title = {{String Matching Algorithms and Automata}},
	Year = {1994},
	Bdsk-File-1 = {YnBsaXN0MDDUAQIDBAUGJCVYJHZlcnNpb25YJG9iamVjdHNZJGFyY2hpdmVyVCR0b3ASAAGGoKgHCBMUFRYaIVUkbnVsbNMJCgsMDxJXTlMua2V5c1pOUy5vYmplY3RzViRjbGFzc6INDoACgAOiEBGABIAFgAdccmVsYXRpdmVQYXRoWWFsaWFzRGF0YV8QGHJlZmVyZW5jZXMvc2ltb24xOTk0LnBkZtIXCxgZV05TLmRhdGFPEQH6AAAAAAH6AAIAAAxNYWNpbnRvc2ggSEQAAAAAAAAAAAAAAAAAAADRD2UoSCsAAAHXVgkNc2ltb24xOTk0LnBkZgAAAAAAAAAAAAAAAAAAAAAAAAAAAAAAAAAAAAAAAAAAAAAAAAAAAAAAAAAAAAAAAAAAAdd+CdLw094AAAAAAAAAAAABAAMAAAkgAAAAAAAAAAAAAAAAAAAACnJlZmVyZW5jZXMAEAAIAADRD0kIAAAAEQAIAADS8Le+AAAAAQAUAddWCQHVkrAAId80AAlGPQAClRQAAgBcTWFjaW50b3NoIEhEOlVzZXJzOgBraWVyYW46AFdvcms6AG9uLXRoZS1wZXJmb3JtYW5jZS1vZi1zIzFENTkyQjA6AHJlZmVyZW5jZXM6AHNpbW9uMTk5NC5wZGYADgAcAA0AcwBpAG0AbwBuADEAOQA5ADQALgBwAGQAZgAPABoADABNAGEAYwBpAG4AdABvAHMAaAAgAEgARAASAHRVc2Vycy9raWVyYW4vV29yay9vbi10aGUtcGVyZm9ybWFuY2Utb2Ytc3RyaW5nLXNlYXJjaC1hbGdvcml0aG1zLWZvci1kZWVwLXBhY2tldC1pbnNwZWN0aW9uL3JlZmVyZW5jZXMvc2ltb24xOTk0LnBkZgATAAEvAAAVAAIADf//AACABtIbHB0eWiRjbGFzc25hbWVYJGNsYXNzZXNdTlNNdXRhYmxlRGF0YaMdHyBWTlNEYXRhWE5TT2JqZWN00hscIiNcTlNEaWN0aW9uYXJ5oiIgXxAPTlNLZXllZEFyY2hpdmVy0SYnVHJvb3SAAQAIABEAGgAjAC0AMgA3AEAARgBNAFUAYABnAGoAbABuAHEAcwB1AHcAhACOAKkArgC2ArQCtgK7AsYCzwLdAuEC6ALxAvYDAwMGAxgDGwMgAAAAAAAAAgEAAAAAAAAAKAAAAAAAAAAAAAAAAAAAAyI=}}

@article{baezayates1992,
	Author = {Baeza-Yates, R., Gonnet, G.},
	Date-Added = {2016-02-22 12:43:21 +0000},
	Date-Modified = {2016-05-04 06:58:26 +0000},
	Journal = {Communications of the ACM},
	Number = {10},
	Pages = {74--82},
	Title = {{A New Approach to Text Searching}},
	Volume = {35},
	Year = {1992},
	Bdsk-File-1 = {YnBsaXN0MDDUAQIDBAUGJCVYJHZlcnNpb25YJG9iamVjdHNZJGFyY2hpdmVyVCR0b3ASAAGGoKgHCBMUFRYaIVUkbnVsbNMJCgsMDxJXTlMua2V5c1pOUy5vYmplY3RzViRjbGFzc6INDoACgAOiEBGABIAFgAdccmVsYXRpdmVQYXRoWWFsaWFzRGF0YV8QHXJlZmVyZW5jZXMvYmFlemF5YXRlczE5OTIucGRm0hcLGBlXTlMuZGF0YU8RAhAAAAAAAhAAAgAADE1hY2ludG9zaCBIRAAAAAAAAAAAAAAAAAAAANEPZShIKwAAAddWCRJiYWV6YXlhdGVzMTk5Mi5wZGYAAAAAAAAAAAAAAAAAAAAAAAAAAAAAAAAAAAAAAAAAAAAAAAAAAAAAAAAAAAAB13Oa0vDPSgAAAAAAAAAAAAEAAwAACSAAAAAAAAAAAAAAAAAAAAAKcmVmZXJlbmNlcwAQAAgAANEPSQgAAAARAAgAANLwsyoAAAABABQB11YJAdWSsAAh3zQACUY9AAKVFAACAGFNYWNpbnRvc2ggSEQ6VXNlcnM6AGtpZXJhbjoAV29yazoAb24tdGhlLXBlcmZvcm1hbmNlLW9mLXMjMUQ1OTJCMDoAcmVmZXJlbmNlczoAYmFlemF5YXRlczE5OTIucGRmAAAOACYAEgBiAGEAZQB6AGEAeQBhAHQAZQBzADEAOQA5ADIALgBwAGQAZgAPABoADABNAGEAYwBpAG4AdABvAHMAaAAgAEgARAASAHlVc2Vycy9raWVyYW4vV29yay9vbi10aGUtcGVyZm9ybWFuY2Utb2Ytc3RyaW5nLXNlYXJjaC1hbGdvcml0aG1zLWZvci1kZWVwLXBhY2tldC1pbnNwZWN0aW9uL3JlZmVyZW5jZXMvYmFlemF5YXRlczE5OTIucGRmAAATAAEvAAAVAAIADf//AACABtIbHB0eWiRjbGFzc25hbWVYJGNsYXNzZXNdTlNNdXRhYmxlRGF0YaMdHyBWTlNEYXRhWE5TT2JqZWN00hscIiNcTlNEaWN0aW9uYXJ5oiIgXxAPTlNLZXllZEFyY2hpdmVy0SYnVHJvb3SAAQAIABEAGgAjAC0AMgA3AEAARgBNAFUAYABnAGoAbABuAHEAcwB1AHcAhACOAK4AswC7As8C0QLWAuEC6gL4AvwDAwMMAxEDHgMhAzMDNgM7AAAAAAAAAgEAAAAAAAAAKAAAAAAAAAAAAAAAAAAAAz0=}}

@article{galil1991,
	Author = {Galil, Z., and Giancarlo, R.},
	Date-Added = {2016-02-22 12:36:00 +0000},
	Date-Modified = {2016-05-04 06:55:14 +0000},
	Journal = {SIAM Journal on Computing},
	Number = {3},
	Pages = {407--437},
	Title = {{On the Exact Complexity of String Matching: Upper Bounds}},
	Volume = {21},
	Year = {1991},
	Bdsk-File-1 = {YnBsaXN0MDDUAQIDBAUGJCVYJHZlcnNpb25YJG9iamVjdHNZJGFyY2hpdmVyVCR0b3ASAAGGoKgHCBMUFRYaIVUkbnVsbNMJCgsMDxJXTlMua2V5c1pOUy5vYmplY3RzViRjbGFzc6INDoACgAOiEBGABIAFgAdccmVsYXRpdmVQYXRoWWFsaWFzRGF0YV8QGHJlZmVyZW5jZXMvZ2FsaWwxOTkyLnBkZtIXCxgZV05TLmRhdGFPEQH6AAAAAAH6AAIAAAxNYWNpbnRvc2ggSEQAAAAAAAAAAAAAAAAAAADRD2UoSCsAAAHXVgkNZ2FsaWwxOTkyLnBkZgAAAAAAAAAAAAAAAAAAAAAAAAAAAAAAAAAAAAAAAAAAAAAAAAAAAAAAAAAAAAAAAAAAAddyJ9LwzqgAAAAAAAAAAAABAAMAAAkgAAAAAAAAAAAAAAAAAAAACnJlZmVyZW5jZXMAEAAIAADRD0kIAAAAEQAIAADS8LKIAAAAAQAUAddWCQHVkrAAId80AAlGPQAClRQAAgBcTWFjaW50b3NoIEhEOlVzZXJzOgBraWVyYW46AFdvcms6AG9uLXRoZS1wZXJmb3JtYW5jZS1vZi1zIzFENTkyQjA6AHJlZmVyZW5jZXM6AGdhbGlsMTk5Mi5wZGYADgAcAA0AZwBhAGwAaQBsADEAOQA5ADIALgBwAGQAZgAPABoADABNAGEAYwBpAG4AdABvAHMAaAAgAEgARAASAHRVc2Vycy9raWVyYW4vV29yay9vbi10aGUtcGVyZm9ybWFuY2Utb2Ytc3RyaW5nLXNlYXJjaC1hbGdvcml0aG1zLWZvci1kZWVwLXBhY2tldC1pbnNwZWN0aW9uL3JlZmVyZW5jZXMvZ2FsaWwxOTkyLnBkZgATAAEvAAAVAAIADf//AACABtIbHB0eWiRjbGFzc25hbWVYJGNsYXNzZXNdTlNNdXRhYmxlRGF0YaMdHyBWTlNEYXRhWE5TT2JqZWN00hscIiNcTlNEaWN0aW9uYXJ5oiIgXxAPTlNLZXllZEFyY2hpdmVy0SYnVHJvb3SAAQAIABEAGgAjAC0AMgA3AEAARgBNAFUAYABnAGoAbABuAHEAcwB1AHcAhACOAKkArgC2ArQCtgK7AsYCzwLdAuEC6ALxAvYDAwMGAxgDGwMgAAAAAAAAAgEAAAAAAAAAKAAAAAAAAAAAAAAAAAAAAyI=}}

@article{raita1991,
	Author = {Raita, T.},
	Date-Added = {2016-02-22 12:32:57 +0000},
	Date-Modified = {2016-05-04 06:55:34 +0000},
	Journal = {Software: Practice and Experience},
	Number = {10},
	Pages = {879--884},
	Title = {{Tuning the Boyer-Moore-Horspool String Searching Algorithm}},
	Volume = {22},
	Year = {1991},
	Bdsk-File-1 = {YnBsaXN0MDDUAQIDBAUGJCVYJHZlcnNpb25YJG9iamVjdHNZJGFyY2hpdmVyVCR0b3ASAAGGoKgHCBMUFRYaIVUkbnVsbNMJCgsMDxJXTlMua2V5c1pOUy5vYmplY3RzViRjbGFzc6INDoACgAOiEBGABIAFgAdccmVsYXRpdmVQYXRoWWFsaWFzRGF0YV8QGHJlZmVyZW5jZXMvcmFpdGExOTkxLnBkZtIXCxgZV05TLmRhdGFPEQH6AAAAAAH6AAIAAAxNYWNpbnRvc2ggSEQAAAAAAAAAAAAAAAAAAADRD2UoSCsAAAHXVgkNcmFpdGExOTkxLnBkZgAAAAAAAAAAAAAAAAAAAAAAAAAAAAAAAAAAAAAAAAAAAAAAAAAAAAAAAAAAAAAAAAAAAdduYdLwzPAAAAAAAAAAAAABAAMAAAkgAAAAAAAAAAAAAAAAAAAACnJlZmVyZW5jZXMAEAAIAADRD0kIAAAAEQAIAADS8LDQAAAAAQAUAddWCQHVkrAAId80AAlGPQAClRQAAgBcTWFjaW50b3NoIEhEOlVzZXJzOgBraWVyYW46AFdvcms6AG9uLXRoZS1wZXJmb3JtYW5jZS1vZi1zIzFENTkyQjA6AHJlZmVyZW5jZXM6AHJhaXRhMTk5MS5wZGYADgAcAA0AcgBhAGkAdABhADEAOQA5ADEALgBwAGQAZgAPABoADABNAGEAYwBpAG4AdABvAHMAaAAgAEgARAASAHRVc2Vycy9raWVyYW4vV29yay9vbi10aGUtcGVyZm9ybWFuY2Utb2Ytc3RyaW5nLXNlYXJjaC1hbGdvcml0aG1zLWZvci1kZWVwLXBhY2tldC1pbnNwZWN0aW9uL3JlZmVyZW5jZXMvcmFpdGExOTkxLnBkZgATAAEvAAAVAAIADf//AACABtIbHB0eWiRjbGFzc25hbWVYJGNsYXNzZXNdTlNNdXRhYmxlRGF0YaMdHyBWTlNEYXRhWE5TT2JqZWN00hscIiNcTlNEaWN0aW9uYXJ5oiIgXxAPTlNLZXllZEFyY2hpdmVy0SYnVHJvb3SAAQAIABEAGgAjAC0AMgA3AEAARgBNAFUAYABnAGoAbABuAHEAcwB1AHcAhACOAKkArgC2ArQCtgK7AsYCzwLdAuEC6ALxAvYDAwMGAxgDGwMgAAAAAAAAAgEAAAAAAAAAKAAAAAAAAAAAAAAAAAAAAyI=}}

@article{colussi1991,
	Author = {Colussi, L.},
	Date-Added = {2016-02-22 12:29:06 +0000},
	Date-Modified = {2016-05-04 06:54:52 +0000},
	Journal = {Information and Computation},
	Number = {2},
	Pages = {225--251},
	Title = {{Correctness and Efficiency of Pattern Matching Algorithms}},
	Volume = {95},
	Year = {1991},
	Bdsk-File-1 = {YnBsaXN0MDDUAQIDBAUGJCVYJHZlcnNpb25YJG9iamVjdHNZJGFyY2hpdmVyVCR0b3ASAAGGoKgHCBMUFRYaIVUkbnVsbNMJCgsMDxJXTlMua2V5c1pOUy5vYmplY3RzViRjbGFzc6INDoACgAOiEBGABIAFgAdccmVsYXRpdmVQYXRoWWFsaWFzRGF0YV8QGnJlZmVyZW5jZXMvY29sdXNzaTE5OTEucGRm0hcLGBlXTlMuZGF0YU8RAgIAAAAAAgIAAgAADE1hY2ludG9zaCBIRAAAAAAAAAAAAAAAAAAAANEPZShIKwAAAddWCQ9jb2x1c3NpMTk5MS5wZGYAAAAAAAAAAAAAAAAAAAAAAAAAAAAAAAAAAAAAAAAAAAAAAAAAAAAAAAAAAAAAAAAB122D0vDMhwAAAAAAAAAAAAEAAwAACSAAAAAAAAAAAAAAAAAAAAAKcmVmZXJlbmNlcwAQAAgAANEPSQgAAAARAAgAANLwsGcAAAABABQB11YJAdWSsAAh3zQACUY9AAKVFAACAF5NYWNpbnRvc2ggSEQ6VXNlcnM6AGtpZXJhbjoAV29yazoAb24tdGhlLXBlcmZvcm1hbmNlLW9mLXMjMUQ1OTJCMDoAcmVmZXJlbmNlczoAY29sdXNzaTE5OTEucGRmAA4AIAAPAGMAbwBsAHUAcwBzAGkAMQA5ADkAMQAuAHAAZABmAA8AGgAMAE0AYQBjAGkAbgB0AG8AcwBoACAASABEABIAdlVzZXJzL2tpZXJhbi9Xb3JrL29uLXRoZS1wZXJmb3JtYW5jZS1vZi1zdHJpbmctc2VhcmNoLWFsZ29yaXRobXMtZm9yLWRlZXAtcGFja2V0LWluc3BlY3Rpb24vcmVmZXJlbmNlcy9jb2x1c3NpMTk5MS5wZGYAEwABLwAAFQACAA3//wAAgAbSGxwdHlokY2xhc3NuYW1lWCRjbGFzc2VzXU5TTXV0YWJsZURhdGGjHR8gVk5TRGF0YVhOU09iamVjdNIbHCIjXE5TRGljdGlvbmFyeaIiIF8QD05TS2V5ZWRBcmNoaXZlctEmJ1Ryb290gAEACAARABoAIwAtADIANwBAAEYATQBVAGAAZwBqAGwAbgBxAHMAdQB3AIQAjgCrALAAuAK+AsACxQLQAtkC5wLrAvIC+wMAAw0DEAMiAyUDKgAAAAAAAAIBAAAAAAAAACgAAAAAAAAAAAAAAAAAAAMs}}

@article{apostolico1991,
	Author = {Apostolico, A., and Crochemore, M.},
	Date-Added = {2016-02-22 12:15:22 +0000},
	Date-Modified = {2016-05-04 06:54:29 +0000},
	Journal = {Information and Computation},
	Number = {1},
	Pages = {76--95},
	Title = {{Optimal Canonization of all Substrings of a String}},
	Volume = {95},
	Year = {1991},
	Bdsk-File-1 = {YnBsaXN0MDDUAQIDBAUGJCVYJHZlcnNpb25YJG9iamVjdHNZJGFyY2hpdmVyVCR0b3ASAAGGoKgHCBMUFRYaIVUkbnVsbNMJCgsMDxJXTlMua2V5c1pOUy5vYmplY3RzViRjbGFzc6INDoACgAOiEBGABIAFgAdccmVsYXRpdmVQYXRoWWFsaWFzRGF0YV8QHXJlZmVyZW5jZXMvYXBvc3RvbGljbzE5OTEucGRm0hcLGBlXTlMuZGF0YU8RAhAAAAAAAhAAAgAADE1hY2ludG9zaCBIRAAAAAAAAAAAAAAAAAAAANEPZShIKwAAAddWCRJhcG9zdG9saWNvMTk5MS5wZGYAAAAAAAAAAAAAAAAAAAAAAAAAAAAAAAAAAAAAAAAAAAAAAAAAAAAAAAAAAAAB12ii0vDJPwAAAAAAAAAAAAEAAwAACSAAAAAAAAAAAAAAAAAAAAAKcmVmZXJlbmNlcwAQAAgAANEPSQgAAAARAAgAANLwrR8AAAABABQB11YJAdWSsAAh3zQACUY9AAKVFAACAGFNYWNpbnRvc2ggSEQ6VXNlcnM6AGtpZXJhbjoAV29yazoAb24tdGhlLXBlcmZvcm1hbmNlLW9mLXMjMUQ1OTJCMDoAcmVmZXJlbmNlczoAYXBvc3RvbGljbzE5OTEucGRmAAAOACYAEgBhAHAAbwBzAHQAbwBsAGkAYwBvADEAOQA5ADEALgBwAGQAZgAPABoADABNAGEAYwBpAG4AdABvAHMAaAAgAEgARAASAHlVc2Vycy9raWVyYW4vV29yay9vbi10aGUtcGVyZm9ybWFuY2Utb2Ytc3RyaW5nLXNlYXJjaC1hbGdvcml0aG1zLWZvci1kZWVwLXBhY2tldC1pbnNwZWN0aW9uL3JlZmVyZW5jZXMvYXBvc3RvbGljbzE5OTEucGRmAAATAAEvAAAVAAIADf//AACABtIbHB0eWiRjbGFzc25hbWVYJGNsYXNzZXNdTlNNdXRhYmxlRGF0YaMdHyBWTlNEYXRhWE5TT2JqZWN00hscIiNcTlNEaWN0aW9uYXJ5oiIgXxAPTlNLZXllZEFyY2hpdmVy0SYnVHJvb3SAAQAIABEAGgAjAC0AMgA3AEAARgBNAFUAYABnAGoAbABuAHEAcwB1AHcAhACOAK4AswC7As8C0QLWAuEC6gL4AvwDAwMMAxEDHgMhAzMDNgM7AAAAAAAAAgEAAAAAAAAAKAAAAAAAAAAAAAAAAAAAAz0=}}

@article{smith1991,
	Author = {Smith, P., D.},
	Date-Added = {2016-02-22 12:11:17 +0000},
	Date-Modified = {2016-05-04 06:55:57 +0000},
	Journal = {Software: Practice and Experience},
	Number = {10},
	Pages = {1065--1074},
	Title = {{Experiments with a Very Fast Substring Search Algorithm}},
	Volume = {21},
	Year = {1991},
	Bdsk-File-1 = {YnBsaXN0MDDUAQIDBAUGJCVYJHZlcnNpb25YJG9iamVjdHNZJGFyY2hpdmVyVCR0b3ASAAGGoKgHCBMUFRYaIVUkbnVsbNMJCgsMDxJXTlMua2V5c1pOUy5vYmplY3RzViRjbGFzc6INDoACgAOiEBGABIAFgAdccmVsYXRpdmVQYXRoWWFsaWFzRGF0YV8QGHJlZmVyZW5jZXMvc21pdGgxOTkxLnBkZtIXCxgZV05TLmRhdGFPEQH6AAAAAAH6AAIAAAxNYWNpbnRvc2ggSEQAAAAAAAAAAAAAAAAAAADRD2UoSCsAAAHXVgkNc21pdGgxOTkxLnBkZgAAAAAAAAAAAAAAAAAAAAAAAAAAAAAAAAAAAAAAAAAAAAAAAAAAAAAAAAAAAAAAAAAAAddmJ9LwyGgAAAAAAAAAAAABAAMAAAkgAAAAAAAAAAAAAAAAAAAACnJlZmVyZW5jZXMAEAAIAADRD0kIAAAAEQAIAADS8KxIAAAAAQAUAddWCQHVkrAAId80AAlGPQAClRQAAgBcTWFjaW50b3NoIEhEOlVzZXJzOgBraWVyYW46AFdvcms6AG9uLXRoZS1wZXJmb3JtYW5jZS1vZi1zIzFENTkyQjA6AHJlZmVyZW5jZXM6AHNtaXRoMTk5MS5wZGYADgAcAA0AcwBtAGkAdABoADEAOQA5ADEALgBwAGQAZgAPABoADABNAGEAYwBpAG4AdABvAHMAaAAgAEgARAASAHRVc2Vycy9raWVyYW4vV29yay9vbi10aGUtcGVyZm9ybWFuY2Utb2Ytc3RyaW5nLXNlYXJjaC1hbGdvcml0aG1zLWZvci1kZWVwLXBhY2tldC1pbnNwZWN0aW9uL3JlZmVyZW5jZXMvc21pdGgxOTkxLnBkZgATAAEvAAAVAAIADf//AACABtIbHB0eWiRjbGFzc25hbWVYJGNsYXNzZXNdTlNNdXRhYmxlRGF0YaMdHyBWTlNEYXRhWE5TT2JqZWN00hscIiNcTlNEaWN0aW9uYXJ5oiIgXxAPTlNLZXllZEFyY2hpdmVy0SYnVHJvb3SAAQAIABEAGgAjAC0AMgA3AEAARgBNAFUAYABnAGoAbABuAHEAcwB1AHcAhACOAKkArgC2ArQCtgK7AsYCzwLdAuEC6ALxAvYDAwMGAxgDGwMgAAAAAAAAAgEAAAAAAAAAKAAAAAAAAAAAAAAAAAAAAyI=}}

@article{sunday1990,
	Author = {Sunday, D. M.},
	Date-Added = {2016-02-22 12:08:19 +0000},
	Date-Modified = {2016-05-04 06:54:06 +0000},
	Journal = {Communications of the ACM},
	Number = {8},
	Pages = {132--142},
	Title = {{A Very Fast Substring Search Algorithm}},
	Volume = {33},
	Year = {1990},
	Bdsk-File-1 = {YnBsaXN0MDDUAQIDBAUGJCVYJHZlcnNpb25YJG9iamVjdHNZJGFyY2hpdmVyVCR0b3ASAAGGoKgHCBMUFRYaIVUkbnVsbNMJCgsMDxJXTlMua2V5c1pOUy5vYmplY3RzViRjbGFzc6INDoACgAOiEBGABIAFgAdccmVsYXRpdmVQYXRoWWFsaWFzRGF0YV8QGXJlZmVyZW5jZXMvc3VuZGF5MTk5MC5wZGbSFwsYGVdOUy5kYXRhTxECAAAAAAACAAACAAAMTWFjaW50b3NoIEhEAAAAAAAAAAAAAAAAAAAA0Q9lKEgrAAAB11YJDnN1bmRheTE5OTAucGRmAAAAAAAAAAAAAAAAAAAAAAAAAAAAAAAAAAAAAAAAAAAAAAAAAAAAAAAAAAAAAAAAAAHXYtjS8Md5AAAAAAAAAAAAAQADAAAJIAAAAAAAAAAAAAAAAAAAAApyZWZlcmVuY2VzABAACAAA0Q9JCAAAABEACAAA0vCrWQAAAAEAFAHXVgkB1ZKwACHfNAAJRj0AApUUAAIAXU1hY2ludG9zaCBIRDpVc2VyczoAa2llcmFuOgBXb3JrOgBvbi10aGUtcGVyZm9ybWFuY2Utb2YtcyMxRDU5MkIwOgByZWZlcmVuY2VzOgBzdW5kYXkxOTkwLnBkZgAADgAeAA4AcwB1AG4AZABhAHkAMQA5ADkAMAAuAHAAZABmAA8AGgAMAE0AYQBjAGkAbgB0AG8AcwBoACAASABEABIAdVVzZXJzL2tpZXJhbi9Xb3JrL29uLXRoZS1wZXJmb3JtYW5jZS1vZi1zdHJpbmctc2VhcmNoLWFsZ29yaXRobXMtZm9yLWRlZXAtcGFja2V0LWluc3BlY3Rpb24vcmVmZXJlbmNlcy9zdW5kYXkxOTkwLnBkZgAAEwABLwAAFQACAA3//wAAgAbSGxwdHlokY2xhc3NuYW1lWCRjbGFzc2VzXU5TTXV0YWJsZURhdGGjHR8gVk5TRGF0YVhOU09iamVjdNIbHCIjXE5TRGljdGlvbmFyeaIiIF8QD05TS2V5ZWRBcmNoaXZlctEmJ1Ryb290gAEACAARABoAIwAtADIANwBAAEYATQBVAGAAZwBqAGwAbgBxAHMAdQB3AIQAjgCqAK8AtwK7Ar0CwgLNAtYC5ALoAu8C+AL9AwoDDQMfAyIDJwAAAAAAAAIBAAAAAAAAACgAAAAAAAAAAAAAAAAAAAMp}}

@article{feng1987,
	Author = {Feng, Z. R., and Takaoka, T.},
	Date-Added = {2016-02-22 12:05:19 +0000},
	Date-Modified = {2016-05-04 06:53:17 +0000},
	Journal = {Journal of Information Processing},
	Number = {3},
	Pages = {173--177},
	Title = {{On Improving the Average Case of the Boyer-Moore String Matching Algorithm}},
	Volume = {10},
	Year = {1987},
	Bdsk-File-1 = {YnBsaXN0MDDUAQIDBAUGJCVYJHZlcnNpb25YJG9iamVjdHNZJGFyY2hpdmVyVCR0b3ASAAGGoKgHCBMUFRYaIVUkbnVsbNMJCgsMDxJXTlMua2V5c1pOUy5vYmplY3RzViRjbGFzc6INDoACgAOiEBGABIAFgAdccmVsYXRpdmVQYXRoWWFsaWFzRGF0YV8QF3JlZmVyZW5jZXMvZmVuZzE5ODcucGRm0hcLGBlXTlMuZGF0YU8RAfgAAAAAAfgAAgAADE1hY2ludG9zaCBIRAAAAAAAAAAAAAAAAAAAANEPZShIKwAAAddWCQxmZW5nMTk4Ny5wZGYAAAAAAAAAAAAAAAAAAAAAAAAAAAAAAAAAAAAAAAAAAAAAAAAAAAAAAAAAAAAAAAAAAAAB12D30vDGmgAAAAAAAAAAAAEAAwAACSAAAAAAAAAAAAAAAAAAAAAKcmVmZXJlbmNlcwAQAAgAANEPSQgAAAARAAgAANLwqnoAAAABABQB11YJAdWSsAAh3zQACUY9AAKVFAACAFtNYWNpbnRvc2ggSEQ6VXNlcnM6AGtpZXJhbjoAV29yazoAb24tdGhlLXBlcmZvcm1hbmNlLW9mLXMjMUQ1OTJCMDoAcmVmZXJlbmNlczoAZmVuZzE5ODcucGRmAAAOABoADABmAGUAbgBnADEAOQA4ADcALgBwAGQAZgAPABoADABNAGEAYwBpAG4AdABvAHMAaAAgAEgARAASAHNVc2Vycy9raWVyYW4vV29yay9vbi10aGUtcGVyZm9ybWFuY2Utb2Ytc3RyaW5nLXNlYXJjaC1hbGdvcml0aG1zLWZvci1kZWVwLXBhY2tldC1pbnNwZWN0aW9uL3JlZmVyZW5jZXMvZmVuZzE5ODcucGRmAAATAAEvAAAVAAIADf//AACABtIbHB0eWiRjbGFzc25hbWVYJGNsYXNzZXNdTlNNdXRhYmxlRGF0YaMdHyBWTlNEYXRhWE5TT2JqZWN00hscIiNcTlNEaWN0aW9uYXJ5oiIgXxAPTlNLZXllZEFyY2hpdmVy0SYnVHJvb3SAAQAIABEAGgAjAC0AMgA3AEAARgBNAFUAYABnAGoAbABuAHEAcwB1AHcAhACOAKgArQC1ArECswK4AsMCzALaAt4C5QLuAvMDAAMDAxUDGAMdAAAAAAAAAgEAAAAAAAAAKAAAAAAAAAAAAAAAAAAAAx8=}}

@article{karp1987,
	Author = {Karp, R. M., and Rabin, M. O.},
	Date-Added = {2016-02-22 12:02:12 +0000},
	Date-Modified = {2016-05-04 06:53:39 +0000},
	Journal = {IBM Journal of Research and Development},
	Number = {2},
	Pages = {249--260},
	Title = {{Efficient Randomized Pattern-Matching Algorithms}},
	Volume = {31},
	Year = {1987},
	Bdsk-File-1 = {YnBsaXN0MDDUAQIDBAUGJCVYJHZlcnNpb25YJG9iamVjdHNZJGFyY2hpdmVyVCR0b3ASAAGGoKgHCBMUFRYaIVUkbnVsbNMJCgsMDxJXTlMua2V5c1pOUy5vYmplY3RzViRjbGFzc6INDoACgAOiEBGABIAFgAdccmVsYXRpdmVQYXRoWWFsaWFzRGF0YV8QF3JlZmVyZW5jZXMva2FycDE5ODcucGRm0hcLGBlXTlMuZGF0YU8RAfgAAAAAAfgAAgAADE1hY2ludG9zaCBIRAAAAAAAAAAAAAAAAAAAANEPZShIKwAAAddWCQxrYXJwMTk4Ny5wZGYAAAAAAAAAAAAAAAAAAAAAAAAAAAAAAAAAAAAAAAAAAAAAAAAAAAAAAAAAAAAAAAAAAAAB11+Z0vDGDwAAAAAAAAAAAAEAAwAACSAAAAAAAAAAAAAAAAAAAAAKcmVmZXJlbmNlcwAQAAgAANEPSQgAAAARAAgAANLwqe8AAAABABQB11YJAdWSsAAh3zQACUY9AAKVFAACAFtNYWNpbnRvc2ggSEQ6VXNlcnM6AGtpZXJhbjoAV29yazoAb24tdGhlLXBlcmZvcm1hbmNlLW9mLXMjMUQ1OTJCMDoAcmVmZXJlbmNlczoAa2FycDE5ODcucGRmAAAOABoADABrAGEAcgBwADEAOQA4ADcALgBwAGQAZgAPABoADABNAGEAYwBpAG4AdABvAHMAaAAgAEgARAASAHNVc2Vycy9raWVyYW4vV29yay9vbi10aGUtcGVyZm9ybWFuY2Utb2Ytc3RyaW5nLXNlYXJjaC1hbGdvcml0aG1zLWZvci1kZWVwLXBhY2tldC1pbnNwZWN0aW9uL3JlZmVyZW5jZXMva2FycDE5ODcucGRmAAATAAEvAAAVAAIADf//AACABtIbHB0eWiRjbGFzc25hbWVYJGNsYXNzZXNdTlNNdXRhYmxlRGF0YaMdHyBWTlNEYXRhWE5TT2JqZWN00hscIiNcTlNEaWN0aW9uYXJ5oiIgXxAPTlNLZXllZEFyY2hpdmVy0SYnVHJvb3SAAQAIABEAGgAjAC0AMgA3AEAARgBNAFUAYABnAGoAbABuAHEAcwB1AHcAhACOAKgArQC1ArECswK4AsMCzALaAt4C5QLuAvMDAAMDAxUDGAMdAAAAAAAAAgEAAAAAAAAAKAAAAAAAAAAAAAAAAAAAAx8=}}

@article{apostolico1986,
	Author = {Apostolico, A., and Giancarlo, R.},
	Date-Added = {2016-02-22 11:59:05 +0000},
	Date-Modified = {2016-05-04 06:52:56 +0000},
	Journal = {SIAM Journal on Computing},
	Number = {1},
	Pages = {98--105},
	Title = {{The Boyer Moore Galil String Searching Strategies Revisited}},
	Volume = {15},
	Year = {1986},
	Bdsk-File-1 = {YnBsaXN0MDDUAQIDBAUGJCVYJHZlcnNpb25YJG9iamVjdHNZJGFyY2hpdmVyVCR0b3ASAAGGoKgHCBMUFRYaIVUkbnVsbNMJCgsMDxJXTlMua2V5c1pOUy5vYmplY3RzViRjbGFzc6INDoACgAOiEBGABIAFgAdccmVsYXRpdmVQYXRoWWFsaWFzRGF0YV8QHXJlZmVyZW5jZXMvYXBvc3RvbGljbzE5ODYucGRm0hcLGBlXTlMuZGF0YU8RAhAAAAAAAhAAAgAADE1hY2ludG9zaCBIRAAAAAAAAAAAAAAAAAAAANEPZShIKwAAAddWCRJhcG9zdG9saWNvMTk4Ni5wZGYAAAAAAAAAAAAAAAAAAAAAAAAAAAAAAAAAAAAAAAAAAAAAAAAAAAAAAAAAAAAB113r0vDFSwAAAAAAAAAAAAEAAwAACSAAAAAAAAAAAAAAAAAAAAAKcmVmZXJlbmNlcwAQAAgAANEPSQgAAAARAAgAANLwqSsAAAABABQB11YJAdWSsAAh3zQACUY9AAKVFAACAGFNYWNpbnRvc2ggSEQ6VXNlcnM6AGtpZXJhbjoAV29yazoAb24tdGhlLXBlcmZvcm1hbmNlLW9mLXMjMUQ1OTJCMDoAcmVmZXJlbmNlczoAYXBvc3RvbGljbzE5ODYucGRmAAAOACYAEgBhAHAAbwBzAHQAbwBsAGkAYwBvADEAOQA4ADYALgBwAGQAZgAPABoADABNAGEAYwBpAG4AdABvAHMAaAAgAEgARAASAHlVc2Vycy9raWVyYW4vV29yay9vbi10aGUtcGVyZm9ybWFuY2Utb2Ytc3RyaW5nLXNlYXJjaC1hbGdvcml0aG1zLWZvci1kZWVwLXBhY2tldC1pbnNwZWN0aW9uL3JlZmVyZW5jZXMvYXBvc3RvbGljbzE5ODYucGRmAAATAAEvAAAVAAIADf//AACABtIbHB0eWiRjbGFzc25hbWVYJGNsYXNzZXNdTlNNdXRhYmxlRGF0YaMdHyBWTlNEYXRhWE5TT2JqZWN00hscIiNcTlNEaWN0aW9uYXJ5oiIgXxAPTlNLZXllZEFyY2hpdmVy0SYnVHJvb3SAAQAIABEAGgAjAC0AMgA3AEAARgBNAFUAYABnAGoAbABuAHEAcwB1AHcAhACOAK4AswC7As8C0QLWAuEC6gL4AvwDAwMMAxEDHgMhAzMDNgM7AAAAAAAAAgEAAAAAAAAAKAAAAAAAAAAAAAAAAAAAAz0=}}

@article{horspool1980,
	Author = {Horspool, R. N},
	Date-Added = {2016-02-22 11:55:26 +0000},
	Date-Modified = {2016-05-04 06:39:34 +0000},
	Journal = {Software: Practice and Experience},
	Number = {6},
	Pages = {501--506},
	Title = {{Practical Fast Searching Strings}},
	Volume = {10},
	Year = {1980},
	Bdsk-File-1 = {YnBsaXN0MDDUAQIDBAUGJCVYJHZlcnNpb25YJG9iamVjdHNZJGFyY2hpdmVyVCR0b3ASAAGGoKgHCBMUFRYaIVUkbnVsbNMJCgsMDxJXTlMua2V5c1pOUy5vYmplY3RzViRjbGFzc6INDoACgAOiEBGABIAFgAdccmVsYXRpdmVQYXRoWWFsaWFzRGF0YV8QG3JlZmVyZW5jZXMvaG9yc3Bvb2wxOTgwLnBkZtIXCxgZV05TLmRhdGFPEQIIAAAAAAIIAAIAAAxNYWNpbnRvc2ggSEQAAAAAAAAAAAAAAAAAAADRD2UoSCsAAAHXVgkQaG9yc3Bvb2wxOTgwLnBkZgAAAAAAAAAAAAAAAAAAAAAAAAAAAAAAAAAAAAAAAAAAAAAAAAAAAAAAAAAAAAAAAddcQNLwxJUAAAAAAAAAAAABAAMAAAkgAAAAAAAAAAAAAAAAAAAACnJlZmVyZW5jZXMAEAAIAADRD0kIAAAAEQAIAADS8Kh1AAAAAQAUAddWCQHVkrAAId80AAlGPQAClRQAAgBfTWFjaW50b3NoIEhEOlVzZXJzOgBraWVyYW46AFdvcms6AG9uLXRoZS1wZXJmb3JtYW5jZS1vZi1zIzFENTkyQjA6AHJlZmVyZW5jZXM6AGhvcnNwb29sMTk4MC5wZGYAAA4AIgAQAGgAbwByAHMAcABvAG8AbAAxADkAOAAwAC4AcABkAGYADwAaAAwATQBhAGMAaQBuAHQAbwBzAGgAIABIAEQAEgB3VXNlcnMva2llcmFuL1dvcmsvb24tdGhlLXBlcmZvcm1hbmNlLW9mLXN0cmluZy1zZWFyY2gtYWxnb3JpdGhtcy1mb3ItZGVlcC1wYWNrZXQtaW5zcGVjdGlvbi9yZWZlcmVuY2VzL2hvcnNwb29sMTk4MC5wZGYAABMAAS8AABUAAgAN//8AAIAG0hscHR5aJGNsYXNzbmFtZVgkY2xhc3Nlc11OU011dGFibGVEYXRhox0fIFZOU0RhdGFYTlNPYmplY3TSGxwiI1xOU0RpY3Rpb25hcnmiIiBfEA9OU0tleWVkQXJjaGl2ZXLRJidUcm9vdIABAAgAEQAaACMALQAyADcAQABGAE0AVQBgAGcAagBsAG4AcQBzAHUAdwCEAI4ArACxALkCxQLHAswC1wLgAu4C8gL5AwIDBwMUAxcDKQMsAzEAAAAAAAACAQAAAAAAAAAoAAAAAAAAAAAAAAAAAAADMw==}}

@article{boyer1977,
	Author = {Boyer, R. S., and Moore, J. S.},
	Date-Added = {2016-02-22 11:53:05 +0000},
	Date-Modified = {2016-05-04 06:38:43 +0000},
	Journal = {Communications of the ACM},
	Number = {10},
	Pages = {762--772},
	Title = {{A Fast String Searching Algorithm}},
	Volume = {20},
	Year = {1977},
	Bdsk-File-1 = {YnBsaXN0MDDUAQIDBAUGJCVYJHZlcnNpb25YJG9iamVjdHNZJGFyY2hpdmVyVCR0b3ASAAGGoKgHCBMUFRYaIVUkbnVsbNMJCgsMDxJXTlMua2V5c1pOUy5vYmplY3RzViRjbGFzc6INDoACgAOiEBGABIAFgAdccmVsYXRpdmVQYXRoWWFsaWFzRGF0YV8QGHJlZmVyZW5jZXMvYm95ZXIxOTc3LnBkZtIXCxgZV05TLmRhdGFPEQH6AAAAAAH6AAIAAAxNYWNpbnRvc2ggSEQAAAAAAAAAAAAAAAAAAADRD2UoSCsAAAHXVgkNYm95ZXIxOTc3LnBkZgAAAAAAAAAAAAAAAAAAAAAAAAAAAAAAAAAAAAAAAAAAAAAAAAAAAAAAAAAAAAAAAAAAAddaa9Lww6IAAAAAAAAAAAABAAMAAAkgAAAAAAAAAAAAAAAAAAAACnJlZmVyZW5jZXMAEAAIAADRD0kIAAAAEQAIAADS8KeCAAAAAQAUAddWCQHVkrAAId80AAlGPQAClRQAAgBcTWFjaW50b3NoIEhEOlVzZXJzOgBraWVyYW46AFdvcms6AG9uLXRoZS1wZXJmb3JtYW5jZS1vZi1zIzFENTkyQjA6AHJlZmVyZW5jZXM6AGJveWVyMTk3Ny5wZGYADgAcAA0AYgBvAHkAZQByADEAOQA3ADcALgBwAGQAZgAPABoADABNAGEAYwBpAG4AdABvAHMAaAAgAEgARAASAHRVc2Vycy9raWVyYW4vV29yay9vbi10aGUtcGVyZm9ybWFuY2Utb2Ytc3RyaW5nLXNlYXJjaC1hbGdvcml0aG1zLWZvci1kZWVwLXBhY2tldC1pbnNwZWN0aW9uL3JlZmVyZW5jZXMvYm95ZXIxOTc3LnBkZgATAAEvAAAVAAIADf//AACABtIbHB0eWiRjbGFzc25hbWVYJGNsYXNzZXNdTlNNdXRhYmxlRGF0YaMdHyBWTlNEYXRhWE5TT2JqZWN00hscIiNcTlNEaWN0aW9uYXJ5oiIgXxAPTlNLZXllZEFyY2hpdmVy0SYnVHJvb3SAAQAIABEAGgAjAC0AMgA3AEAARgBNAFUAYABnAGoAbABuAHEAcwB1AHcAhACOAKkArgC2ArQCtgK7AsYCzwLdAuEC6ALxAvYDAwMGAxgDGwMgAAAAAAAAAgEAAAAAAAAAKAAAAAAAAAAAAAAAAAAAAyI=}}

@article{knuth1977,
	Author = {Knuth, D. E., and Morris, J. H., and Pratt, V. R.},
	Date-Added = {2016-02-22 11:48:05 +0000},
	Date-Modified = {2016-05-04 06:39:09 +0000},
	Journal = {SIAM Journal on Computing},
	Number = {2},
	Pages = {323--350},
	Title = {{Fast Pattern Matching in Strings}},
	Volume = {6},
	Year = {1977},
	Bdsk-File-1 = {YnBsaXN0MDDUAQIDBAUGJCVYJHZlcnNpb25YJG9iamVjdHNZJGFyY2hpdmVyVCR0b3ASAAGGoKgHCBMUFRYaIVUkbnVsbNMJCgsMDxJXTlMua2V5c1pOUy5vYmplY3RzViRjbGFzc6INDoACgAOiEBGABIAFgAdccmVsYXRpdmVQYXRoWWFsaWFzRGF0YV8QGHJlZmVyZW5jZXMva251dGgxOTc3LnBkZtIXCxgZV05TLmRhdGFPEQH6AAAAAAH6AAIAAAxNYWNpbnRvc2ggSEQAAAAAAAAAAAAAAAAAAADRD2UoSCsAAAHXVgkNa251dGgxOTc3LnBkZgAAAAAAAAAAAAAAAAAAAAAAAAAAAAAAAAAAAAAAAAAAAAAAAAAAAAAAAAAAAAAAAAAAAddYAdLwwtkAAAAAAAAAAAABAAMAAAkgAAAAAAAAAAAAAAAAAAAACnJlZmVyZW5jZXMAEAAIAADRD0kIAAAAEQAIAADS8Ka5AAAAAQAUAddWCQHVkrAAId80AAlGPQAClRQAAgBcTWFjaW50b3NoIEhEOlVzZXJzOgBraWVyYW46AFdvcms6AG9uLXRoZS1wZXJmb3JtYW5jZS1vZi1zIzFENTkyQjA6AHJlZmVyZW5jZXM6AGtudXRoMTk3Ny5wZGYADgAcAA0AawBuAHUAdABoADEAOQA3ADcALgBwAGQAZgAPABoADABNAGEAYwBpAG4AdABvAHMAaAAgAEgARAASAHRVc2Vycy9raWVyYW4vV29yay9vbi10aGUtcGVyZm9ybWFuY2Utb2Ytc3RyaW5nLXNlYXJjaC1hbGdvcml0aG1zLWZvci1kZWVwLXBhY2tldC1pbnNwZWN0aW9uL3JlZmVyZW5jZXMva251dGgxOTc3LnBkZgATAAEvAAAVAAIADf//AACABtIbHB0eWiRjbGFzc25hbWVYJGNsYXNzZXNdTlNNdXRhYmxlRGF0YaMdHyBWTlNEYXRhWE5TT2JqZWN00hscIiNcTlNEaWN0aW9uYXJ5oiIgXxAPTlNLZXllZEFyY2hpdmVy0SYnVHJvb3SAAQAIABEAGgAjAC0AMgA3AEAARgBNAFUAYABnAGoAbABuAHEAcwB1AHcAhACOAKkArgC2ArQCtgK7AsYCzwLdAuEC6ALxAvYDAwMGAxgDGwMgAAAAAAAAAgEAAAAAAAAAKAAAAAAAAAAAAAAAAAAAAyI=}}

@techreport{morris1970,
	Author = {Morris, J. H., and Pratt, V. R.},
	Date-Added = {2016-02-22 11:23:21 +0000},
	Date-Modified = {2016-05-04 06:38:03 +0000},
	Institution = {University of California, Berkeley},
	Number = {40},
	Title = {{A Linear Pattern-Matching Algorithm}},
	Year = {1970}}

@comment{BibDesk Static Groups{
<?xml version="1.0" encoding="UTF-8"?>
<!DOCTYPE plist PUBLIC "-//Apple//DTD PLIST 1.0//EN" "http://www.apple.com/DTDs/PropertyList-1.0.dtd">
<plist version="1.0">
<array>
	<dict>
		<key>group name</key>
		<string>Algorithms</string>
		<key>keys</key>
		<string>morris1970,knuth1977,simon1994,boyer1977,colussi1991,baezayates1992,apostolico1986,colussi1994,horspool1980,hancart1993,feng1987,galil1991,raita1991,sunday1990,karp1987,crochemore1994,smith1991,apostolico1991</string>
	</dict>
</array>
</plist>
}}
